<?xml version="1.0" encoding="UTF-8"?><record xmlns="http://www.loc.gov/MARC21/slim" xmlns:cinclude="http://apache.org/cocoon/include/1.0" xmlns:zs="http://www.loc.gov/zing/srw/">
  <leader>00683cz  a2200157n  4500</leader>
  <controlfield tag="001">n  84111387 </controlfield>
  <controlfield tag="003">DLC</controlfield>
  <controlfield tag="005">20081123080811.0</controlfield>
  <controlfield tag="008">840423n| acannaabn          |a ana      </controlfield>
  <datafield tag="010" ind1=" " ind2=" ">
    <subfield code="a">n  84111387 </subfield>
  </datafield>
  <datafield tag="035" ind1=" " ind2=" ">
    <subfield code="a">(OCoLC)oca01109054</subfield>
  </datafield>
  <datafield tag="040" ind1=" " ind2=" ">
    <subfield code="a">InU</subfield>
    <subfield code="b">eng</subfield>
    <subfield code="c">DLC</subfield>
    <subfield code="d">OCoLC</subfield>
  </datafield>
  <datafield tag="110" ind1="1" ind2=" ">
    <subfield code="a">Buenos Aires (Argentina : Province).</subfield>
    <subfield code="b">Instituto de la Tradición</subfield>
  </datafield>
  <datafield tag="410" ind1="1" ind2=" ">
    <subfield code="a">Buenos Aires (Argentina : Province).</subfield>
    <subfield code="b">Ministerio de Educación.</subfield>
    <subfield code="b">Instituto de la Tradición</subfield>
  </datafield>
  <datafield tag="410" ind1="1" ind2=" ">
    <subfield code="a">Buenos Aires (Argentina : Province).</subfield>
    <subfield code="b">Tradición, Instituto de la</subfield>
  </datafield>
  <datafield tag="670" ind1=" " ind2=" ">
    <subfield code="a">Encuesta folklórica general del magisterio, 1951:</subfield>
    <subfield code="b">t.p. (Provincia de Buenos Aires, Ministerio de Educación, Instituto de la Tradición)</subfield>
  </datafield>
</record>